<record><leader>00000cas a22000007a 4500</leader><controlfield tag="001">12841268</controlfield><controlfield tag="008">851123d19151943iauwr ne      0    0eng d</controlfield><datafield ind1=" " ind2=" " tag="010"><subfield code="a">sn 85049836 </subfield></datafield><datafield ind1=" " ind2=" " tag="040"><subfield code="a">INP</subfield><subfield code="b">eng</subfield><subfield code="c">INP</subfield><subfield code="d">OCLCQ</subfield></datafield><datafield ind1=" " ind2=" " tag="042"><subfield code="a">msc</subfield></datafield><datafield ind1="0" ind2="4" tag="245"><subfield code="a">The Gilmore City enterprise.</subfield></datafield><datafield ind1=" " ind2=" " tag="260"><subfield code="a">Gilmore City, Humboldt County, Iowa :</subfield><subfield code="b">[s.n.],</subfield><subfield code="c">-1943.</subfield></datafield><datafield ind1=" " ind2=" " tag="300"><subfield code="a">v. :</subfield><subfield code="b">ill.</subfield></datafield><datafield ind1=" " ind2=" " tag="310"><subfield code="a">Weekly</subfield></datafield><datafield ind1="0" ind2=" " tag="362"><subfield code="a">-v. 56, no. 20 (May 27, 1943).</subfield></datafield><datafield ind1="1" ind2=" " tag="362"><subfield code="a">Began with Oct. 27, 1915 issue?</subfield></datafield><datafield ind1=" " ind2=" " tag="500"><subfield code="a">Publisher varies.</subfield></datafield><datafield ind1=" " ind2=" " tag="500"><subfield code="a">Gilmore City, Iowa is situated in both Pocahontas and Humboldt Counties.</subfield></datafield><datafield ind1=" " ind2=" " tag="588"><subfield code="a">Description based on: Vol. 1, no. 2 (Nov. 4, 1915).</subfield></datafield><datafield ind1=" " ind2=" " tag="752"><subfield code="a">United States</subfield><subfield code="b">Iowa</subfield><subfield code="c">Pocahontas</subfield><subfield code="d">Gilmore City.</subfield></datafield><datafield ind1=" " ind2=" " tag="752"><subfield code="a">United States</subfield><subfield code="b">Iowa</subfield><subfield code="c">Humboldt</subfield><subfield code="d">Gilmore City.</subfield></datafield><datafield ind1="0" ind2="0" tag="780"><subfield code="t">Gilmore City globe</subfield><subfield code="w">(DLC)sn 85049835</subfield></datafield><datafield ind1="1" ind2=" " tag="029"><subfield code="a">AU@</subfield><subfield code="b">000023481910</subfield></datafield></record>